%YAML 1.1
%TAG !u! tag:unity3d.com,2011:
--- !u!1 &7147454189564227848
GameObject:
  m_ObjectHideFlags: 0
  m_CorrespondingSourceObject: {fileID: 0}
  m_PrefabInstance: {fileID: 0}
  m_PrefabAsset: {fileID: 0}
  serializedVersion: 6
  m_Component:
  - component: {fileID: 6155156731649098523}
  - component: {fileID: 2895960591569238317}
  - component: {fileID: 8866476866497168852}
  - component: {fileID: 2562156515802302261}
  - component: {fileID: 7810652564349040566}
  m_Layer: 0
  m_Name: Prefab
  m_TagString: 1
  m_Icon: {fileID: 0}
  m_NavMeshLayer: 0
  m_StaticEditorFlags: 4294967295
  m_IsActive: 1
--- !u!4 &6155156731649098523
Transform:
  m_ObjectHideFlags: 0
  m_CorrespondingSourceObject: {fileID: 0}
  m_PrefabInstance: {fileID: 0}
  m_PrefabAsset: {fileID: 0}
  m_GameObject: {fileID: 7147454189564227848}
  m_LocalRotation: {x: -0.7071068, y: 0, z: -0, w: 0.7071067}
  m_LocalPosition: {x: -3.8111715, y: 0.466, z: -10.056266}
  m_LocalScale: {x: 5, y: 5, z: 5}
  m_Children: []
  m_Father: {fileID: 0}
  m_RootOrder: 0
  m_LocalEulerAnglesHint: {x: 0, y: 0, z: 0}
--- !u!33 &2895960591569238317
MeshFilter:
  m_ObjectHideFlags: 0
  m_CorrespondingSourceObject: {fileID: 0}
  m_PrefabInstance: {fileID: 0}
  m_PrefabAsset: {fileID: 0}
  m_GameObject: {fileID: 7147454189564227848}
  m_Mesh: {fileID: -5928785198427282456, guid: 63eb2485fab84f64e82ae7b889d03f44, type: 3}
--- !u!23 &8866476866497168852
MeshRenderer:
  m_ObjectHideFlags: 0
  m_CorrespondingSourceObject: {fileID: 0}
  m_PrefabInstance: {fileID: 0}
  m_PrefabAsset: {fileID: 0}
  m_GameObject: {fileID: 7147454189564227848}
  m_Enabled: 1
  m_CastShadows: 1
  m_ReceiveShadows: 1
  m_DynamicOccludee: 1
  m_MotionVectors: 1
  m_LightProbeUsage: 1
  m_ReflectionProbeUsage: 1
  m_RayTracingMode: 2
  m_RenderingLayerMask: 1
  m_RendererPriority: 0
  m_Materials:
  - {fileID: 2100000, guid: db158707f1217c4479a3f06ba2839468, type: 2}
  - {fileID: 2100000, guid: db158707f1217c4479a3f06ba2839468, type: 2}
  - {fileID: 2100000, guid: db158707f1217c4479a3f06ba2839468, type: 2}
  - {fileID: 2100000, guid: db158707f1217c4479a3f06ba2839468, type: 2}
  - {fileID: 2100000, guid: db158707f1217c4479a3f06ba2839468, type: 2}
  - {fileID: 2100000, guid: db158707f1217c4479a3f06ba2839468, type: 2}
  - {fileID: 2100000, guid: db158707f1217c4479a3f06ba2839468, type: 2}
  - {fileID: 2100000, guid: db158707f1217c4479a3f06ba2839468, type: 2}
  - {fileID: 2100000, guid: db158707f1217c4479a3f06ba2839468, type: 2}
  - {fileID: 2100000, guid: db158707f1217c4479a3f06ba2839468, type: 2}
  - {fileID: 2100000, guid: db158707f1217c4479a3f06ba2839468, type: 2}
  - {fileID: 2100000, guid: db158707f1217c4479a3f06ba2839468, type: 2}
  - {fileID: 2100000, guid: db158707f1217c4479a3f06ba2839468, type: 2}
  - {fileID: 2100000, guid: db158707f1217c4479a3f06ba2839468, type: 2}
  - {fileID: 2100000, guid: db158707f1217c4479a3f06ba2839468, type: 2}
  m_StaticBatchInfo:
    firstSubMesh: 0
    subMeshCount: 0
  m_StaticBatchRoot: {fileID: 0}
  m_ProbeAnchor: {fileID: 0}
  m_LightProbeVolumeOverride: {fileID: 0}
  m_ScaleInLightmap: 1
  m_ReceiveGI: 1
  m_PreserveUVs: 0
  m_IgnoreNormalsForChartDetection: 0
  m_ImportantGI: 0
  m_StitchLightmapSeams: 1
  m_SelectedEditorRenderState: 3
  m_MinimumChartSize: 4
  m_AutoUVMaxDistance: 0.5
  m_AutoUVMaxAngle: 89
  m_LightmapParameters: {fileID: 0}
  m_SortingLayerID: 0
  m_SortingLayer: 0
  m_SortingOrder: 0
--- !u!65 &2562156515802302261
BoxCollider:
  m_ObjectHideFlags: 0
  m_CorrespondingSourceObject: {fileID: 0}
  m_PrefabInstance: {fileID: 0}
  m_PrefabAsset: {fileID: 0}
  m_GameObject: {fileID: 7147454189564227848}
  m_Material: {fileID: 0}
  m_IsTrigger: 1
  m_Enabled: 1
  serializedVersion: 2
  m_Size: {x: 0.52080595, y: 0.53374237, z: 0.2538426}
  m_Center: {x: 0.05397711, y: 0.014526725, z: 0.111449}
--- !u!54 &7810652564349040566
Rigidbody:
  m_ObjectHideFlags: 0
  m_CorrespondingSourceObject: {fileID: 0}
  m_PrefabInstance: {fileID: 0}
  m_PrefabAsset: {fileID: 0}
  m_GameObject: {fileID: 7147454189564227848}
  serializedVersion: 2
  m_Mass: 1
  m_Drag: 0
  m_AngularDrag: 0.05
  m_UseGravity: 0
  m_IsKinematic: 1
  m_Interpolate: 0
  m_Constraints: 0
  m_CollisionDetection: 0
